@book{bishop2006pattern,
    title={Pattern Recognition and Machine Learning},
    author={Christopher Bishop},
    year={2006},
    publisher={Springer}
}

@book{Goodfellow2016deep,
    title={Deep Learning},
    author={Ian Goodfellow and Yoshua Bengio and Aaron Courville},
    publisher={MIT Press},
    note={\url{http://www.deeplearningbook.org}},
    year={2016}
}

@book{gonzalezDIP2006,
    author = {Gonzalez, Rafael C. and Woods, Richard E.},
    title = {Digital Image Processing (3rd Edition)},
    year = {2006},
    isbn = {013168728X},
    publisher = {Prentice-Hall, Inc.},
    address = {Upper Saddle River, NJ, USA},
}

@book{murphy2012machine,
    title={Machine learning: a probabilistic perspective},
    author={Murphy, Kevin P},
    year={2012},
    publisher={MIT press}
}

@book{sammut2011encyclopedia,
  title={Encyclopedia of machine learning},
  author={Sammut, Claude and Webb, Geoffrey I},
  year={2011},
  publisher={Springer Science \& Business Media}
}

@book{mackay2003information,
  title={Information theory, inference and learning algorithms},
  author={MacKay, David JC},
  year={2003},
  publisher={Cambridge university press}
}

@article{ren2015object,
    title={Object detection networks on convolutional feature maps},
    author={Ren, Shaoqing and He, Kaiming and Girshick, Ross and Zhang, Xiangyu 
and Sun, Jian},
    journal={arXiv preprint arXiv:1504.06066},
    year={2015}
}

@article{yilmaz2006object,
  title={Object tracking: A survey},
  author={Yilmaz, Alper and Javed, Omar and Shah, Mubarak},
  journal={Acm computing surveys (CSUR)},
  volume={38},
  number={4},
  pages={13},
  year={2006},
  publisher={Acm}
}

@inproceedings{viola2001rapid,
  title={Rapid object detection using a boosted cascade of simple features},
  author={Viola, Paul and Jones, Michael},
  booktitle={Computer Vision and Pattern Recognition, 2001. CVPR 2001. 
Proceedings of the 2001 IEEE Computer Society Conference on},
  volume={1},
  pages={I--I},
  year={2001},
  organization={IEEE}
}

@article{russakovsky2015imagenet,
  title={Imagenet large scale visual recognition challenge},
  author={Russakovsky, Olga and Deng, Jia and Su, Hao and Krause, Jonathan and 
Satheesh, Sanjeev and Ma, Sean and Huang, Zhiheng and Karpathy, Andrej and 
Khosla, Aditya and Bernstein, Michael and others},
  journal={International Journal of Computer Vision},
  volume={115},
  number={3},
  pages={211--252},
  year={2015},
  publisher={Springer}
}

@article{aanaes2012interesting,
  title={Interesting interest points},
  author={Aan{\ae}s, Henrik and Dahl, Anders Lindbjerg and Pedersen, Kim 
Steenstrup},
  journal={International Journal of Computer Vision},
  volume={97},
  number={1},
  pages={18--35},
  year={2012},
  publisher={Springer}
}

@inproceedings{zagoruyko2015learning,
  title={Learning to compare image patches via convolutional neural networks},
  author={Zagoruyko, Sergey and Komodakis, Nikos},
  booktitle={Proceedings of the IEEE Conference on Computer Vision and Pattern 
Recognition},
  pages={4353--4361},
  year={2015}
}

@article{alcantarilla2011fast,
  title={Fast explicit diffusion for accelerated features in nonlinear scale 
spaces},
  author={Alcantarilla, Pablo F and Solutions, T},
  journal={IEEE Trans. Patt. Anal. Mach. Intell},
  volume={34},
  number={7},
  pages={1281--1298},
  year={2011}
}

@inproceedings{rublee2011orb,
  title={ORB: An efficient alternative to SIFT or SURF},
  author={Rublee, Ethan and Rabaud, Vincent and Konolige, Kurt and Bradski, 
Gary},
  booktitle={2011 International conference on computer vision},
  pages={2564--2571},
  year={2011},
  organization={IEEE}
}

@inproceedings{bay2006surf,
  title={Surf: Speeded up robust features},
  author={Bay, Herbert and Tuytelaars, Tinne and Van Gool, Luc},
  booktitle={European conference on computer vision},
  pages={404--417},
  year={2006},
  organization={Springer}
}

@article{lowe2004distinctive,
  title={Distinctive image features from scale-invariant keypoints},
  author={Lowe, David G},
  journal={International journal of computer vision},
  volume={60},
  number={2},
  pages={91--110},
  year={2004},
  publisher={Springer}
}

@book{szeliski2010computer,
  title={Computer vision: algorithms and applications},
  author={Szeliski, Richard},
  year={2010},
  publisher={Springer Science \& Business Media}
}

@article{zbontar2016stereo,
  title={Stereo matching by training a convolutional neural network to compare 
image patches},
  author={Zbontar, Jure and LeCun, Yann},
  journal={Journal of Machine Learning Research},
  volume={17},
  pages={1--32},
  year={2016}
}

@article{zhang1995robust,
  title={A robust technique for matching two uncalibrated images through the 
recovery of the unknown epipolar geometry},
  author={Zhang, Zhengyou and Deriche, Rachid and Faugeras, Olivier and Luong, 
Quang-Tuan},
  journal={Artificial intelligence},
  volume={78},
  number={1-2},
  pages={87--119},
  year={1995},
  publisher={Elsevier}
}

@article{brown2011discriminative,
  title={Discriminative learning of local image descriptors},
  author={Brown, Matthew and Hua, Gang and Winder, Simon},
  journal={IEEE transactions on pattern analysis and machine intelligence},
  volume={33},
  number={1},
  pages={43--57},
  year={2011},
  publisher={IEEE}
}

@inproceedings{tola2008fast,
  title={A fast local descriptor for dense matching},
  author={Tola, Engin and Lepetit, Vincent and Fua, Pascal},
  booktitle={Computer Vision and Pattern Recognition, 2008. CVPR 2008. IEEE 
Conference on},
  pages={1--8},
  year={2008},
  organization={IEEE}
}

@article{alexe2012measuring,
    title={Measuring the objectness of image windows},
    author={Alexe, Bogdan and Deselaers, Thomas and Ferrari, Vittorio},
    journal={Pattern Analysis and Machine Intelligence, IEEE Transactions on},
    volume={34},
    number={11},
    pages={2189--2202},
    year={2012},
    publisher={IEEE}
}
    
@incollection{endres2010category,
    title={Category independent object proposals},
    author={Endres, Ian and Hoiem, Derek},
    booktitle={Computer Vision--ECCV 2010},
    pages={575--588},
    year={2010},
    publisher={Springer}
}
    
@inproceedings{rahtu2011learning,
    title={Learning a category independent object detection cascade},
    author={Rahtu, Esa and Kannala, Juho and Blaschko, Matthew},
    booktitle={Computer Vision (ICCV), 2011 IEEE International Conference on},
    pages={1052--1059},
    year={2011},
    organization={IEEE}
}

@article{uijlings2013selective,
    title={Selective search for object recognition},
    author={Uijlings, Jasper RR and van de Sande, Koen EA and Gevers, Theo 
    and Smeulders, Arnold WM},
    journal={International journal of computer vision},
    volume={104},
    number={2},
    pages={154--171},
    year={2013},
    publisher={Springer}
}
    
@incollection{zitnick2014edge,
    title={Edge boxes: Locating object proposals from edges},
    author={Zitnick, C Lawrence and Doll{\'a}r, Piotr},
    booktitle={Computer Vision--ECCV 2014},
    pages={391--405},
    year={2014},
    publisher={Springer}
}
    
@article{kang2015data,
    title={Data-driven objectness},
    author={Kang, Hongwen and Hebert, Martial and Efros, Alexei A and 
    Kanade, Takeo},
    journal={Pattern Analysis and Machine Intelligence, IEEE Transactions on},
    volume={37},
    number={1},
    pages={189--195},
    year={2015},
    publisher={IEEE}
}
    
@inproceedings{kuo2015deepbox,
    title={Deepbox: Learning objectness with convolutional networks},
    author={Kuo, Weicheng and Hariharan, Bharath and Malik, Jitendra},
    booktitle={Proceedings of the IEEE International Conference on Computer 
    Vision},
    pages={2479--2487},
    year={2015}
}
    
@article{hosang2016makes,
  title={What makes for effective detection proposals?},
  author={Hosang, Jan and Benenson, Rodrigo and Doll{\'a}r, Piotr and Schiele, 
Bernt},
  journal={IEEE transactions on pattern analysis and machine intelligence},
  volume={38},
  number={4},
  pages={814--830},
  year={2016},
  publisher={IEEE}
}

    
@inproceedings{ren2015faster,
    title={Faster R-CNN: Towards real-time object detection with region 
    proposal networks},
    author={Ren, Shaoqing and He, Kaiming and Girshick, Ross and Sun, Jian},
    booktitle={Advances in Neural Information Processing Systems},
    pages={91--99},
    year={2015}
}

@inproceedings{girshick2015fast,
  title={Fast R-CNN},
  author={Girshick, Ross},
  booktitle={Proceedings of the IEEE international conference on computer 
vision},
  pages={1440--1448},
  year={2015}
}

@inproceedings{cheng2014bing,
  title={BING: Binarized normed gradients for objectness estimation at 300fps},
  author={Cheng, Ming-Ming and Zhang, Ziming and Lin, Wen-Yan and Torr, Philip},
  booktitle={Proceedings of the IEEE conference on computer vision and pattern 
recognition},
  pages={3286--3293},
  year={2014}
}

@article{hosang2014good,
  title={How good are detection proposals, really?},
  author={Hosang, Jan and Benenson, Rodrigo and Schiele, Bernt},
  journal={arXiv preprint arXiv:1406.6962},
  year={2014}
}

@inproceedings{chavali2016object,
  title={Object-proposal evaluation protocol is' gameable'},
  author={Chavali, Neelima and Agrawal, Harsh and Mahendru, Aroma and Batra, 
Dhruv},
  booktitle={Proceedings of the IEEE Conference on Computer Vision and Pattern 
Recognition},
  pages={835--844},
  year={2016}
}

@article{everingham2010pascal,
  title={The pascal visual object classes (voc) challenge},
  author={Everingham, Mark and Van Gool, Luc and Williams, Christopher KI and 
Winn, John and Zisserman, Andrew},
  journal={International journal of computer vision},
  volume={88},
  number={2},
  pages={303--338},
  year={2010},
  publisher={Springer}
}

@inproceedings{erhan2014scalable,
  title={Scalable object detection using deep neural networks},
  author={Erhan, Dumitru and Szegedy, Christian and Toshev, Alexander and 
Anguelov, Dragomir},
  booktitle={Proceedings of the IEEE Conference on Computer Vision and Pattern 
Recognition},
  pages={2147--2154},
  year={2014}
}

@article{vcehovin2016visual,
  title={Visual object tracking performance measures revisited},
  author={{\v{C}}ehovin, Luka and Leonardis, Ale{\v{s}} and Kristan, Matej},
  journal={IEEE Transactions on Image Processing},
  volume={25},
  number={3},
  pages={1261--1274},
  year={2016},
  publisher={IEEE}
}

@inproceedings{held2016learning,
  title={Learning to track at 100 fps with deep regression networks},
  author={Held, David and Thrun, Sebastian and Savarese, Silvio},
  booktitle={European Conference on Computer Vision},
  pages={749--765},
  year={2016},
  organization={Springer}
}

@inproceedings{redmon2016you,
  title={You only look once: Unified, real-time object detection},
  author={Redmon, Joseph and Divvala, Santosh and Girshick, Ross and Farhadi, 
Ali},
  booktitle={Proceedings of the IEEE Conference on Computer Vision and Pattern 
Recognition},
  pages={779--788},
  year={2016}
}

@article{qi2017pointnet,
  title={Pointnet: Deep learning on point sets for 3d classification and 
segmentation},
  author={Qi, Charles R and Su, Hao and Mo, Kaichun and Guibas, Leonidas J},
  journal={Proc. Computer Vision and Pattern Recognition (CVPR), IEEE},
  volume={1},
  number={2},
  pages={4},
  year={2017}
}

@article{everingham2015pascal,
  title={The pascal visual object classes challenge: A retrospective},
  author={Everingham, Mark and Eslami, SM Ali and Van Gool, Luc and Williams, 
Christopher KI and Winn, John and Zisserman, Andrew},
  journal={International journal of computer vision},
  volume={111},
  number={1},
  pages={98--136},
  year={2015},
  publisher={Springer}
}

@inproceedings{lin2014microsoft,
  title={Microsoft {COCO}: Common objects in context},
  author={Lin, Tsung-Yi and Maire, Michael and Belongie, Serge and Hays, James 
and Perona, Pietro and Ramanan, Deva and Doll{\'a}r, Piotr and Zitnick, C 
Lawrence},
  booktitle={European conference on computer vision},
  pages={740--755},
  year={2014},
  organization={Springer}
}

@inproceedings{shen2017dsod,
  title={Dsod: Learning deeply supervised object detectors from scratch},
  author={Shen, Zhiqiang and Liu, Zhuang and Li, Jianguo and Jiang, Yu-Gang and 
Chen, Yurong and Xue, Xiangyang},
  booktitle={The IEEE International Conference on Computer Vision (ICCV)},
  volume={3},
  pages={7},
  year={2017}
}

@article{clevert2015fast,
  title={Fast and accurate deep network learning by exponential linear units (elus)},
  author={Clevert, Djork-Arn{\'e} and Unterthiner, Thomas and Hochreiter, Sepp},
  journal={arXiv preprint arXiv:1511.07289},
  year={2015}
}

@inproceedings{glorot2011deep,
  title={Deep Sparse Rectifier Neural Networks.},
  author={Glorot, Xavier and Bordes, Antoine and Bengio, Yoshua},
  booktitle={Proceedings of AISTATS'11},
  volume={15},
  year={2011}
}

@inproceedings{krizhevsky2012imagenet,
  title={Imagenet classification with deep convolutional neural networks},
  author={Krizhevsky, Alex and Sutskever, Ilya and Hinton, Geoffrey E},
  booktitle={Advances in Neural Information Processing Systems},
  pages={1097--1105},
  year={2012}
}

@article{ioffe2015batch,
    title={Batch normalization: Accelerating deep network training by reducing internal covariate shift},
    author={Ioffe, Sergey and Szegedy, Christian},
    journal={arXiv preprint arXiv:1502.03167},
    year={2015}
}

@article{srivastava2014dropout,
    title={Dropout: A simple way to prevent neural networks from overfitting},
    author={Srivastava, Nitish and Hinton, Geoffrey and Krizhevsky, Alex and Sutskever, Ilya and Salakhutdinov, Ruslan},
    journal={The Journal of Machine Learning Research},
    volume={15},
    number={1},
    pages={1929--1958},
    year={2014},
    publisher={JMLR. org}
}

@article{kingma2014adam,
    title={Adam: A method for stochastic optimization},
    author={Kingma, Diederik and Ba, Jimmy},
    journal={arXiv preprint arXiv:1412.6980},
    year={2014}
}

@article{gal2015dropout,
  title={Dropout as a Bayesian approximation: Representing model uncertainty in 
deep learning},
  author={Gal, Yarin and Ghahramani, Zoubin},
  journal={arXiv preprint arXiv:1506.02142},
  volume={2},
  year={2015}
}

@article{lecun1998gradient,
    title={Gradient-based learning applied to document recognition},
    author={LeCun, Yann and Bottou, L{\'e}on and Bengio, Yoshua and Haffner, 
Patrick},
    journal={Proceedings of the IEEE},
    volume={86},
    number={11},
    pages={2278--2324},
    year={1998},
    publisher={IEEE}
}

@inproceedings{sharif2014cnn,
    title={CNN features off-the-shelf: an astounding baseline for recognition},
    author={Sharif Razavian, Ali and Azizpour, Hossein and Sullivan, Josephine 
    and Carlsson, Stefan},
    booktitle={Proceedings of IEEE CVPR workshops},
    pages={806--813},
    year={2014}
}

@article{iandola2016squeezenet,
    title={SqueezeNet: AlexNet-level accuracy with 50x fewer parameters and< 
    0.5 MB model size},
    author={Iandola, Forrest N and Han, Song and Moskewicz, Matthew W and 
    Ashraf, Khalid and Dally, William J and Keutzer, Kurt},
    journal={arXiv preprint arXiv:1602.07360},
    year={2016}
}

@article{lin2013network,
    title={Network in network},
    author={Lin, Min and Chen, Qiang and Yan, Shuicheng},
    journal={arXiv preprint arXiv:1312.4400},
    year={2013}
}

@article{zhang2016understanding,
  title={Understanding deep learning requires rethinking generalization},
  author={Zhang, Chiyuan and Bengio, Samy and Hardt, Moritz and Recht, Benjamin 
and Vinyals, Oriol},
  journal={arXiv preprint arXiv:1611.03530},
  year={2016}
}

@article{sermanet2013overfeat,
  title={Overfeat: Integrated recognition, localization and detection using 
convolutional networks},
  author={Sermanet, Pierre and Eigen, David and Zhang, Xiang and Mathieu, 
Micha{\"e}l and Fergus, Rob and LeCun, Yann},
  journal={arXiv preprint arXiv:1312.6229},
  year={2013}
}

@article{mishkin2016systematic,
  title={Systematic evaluation of CNN advances on the ImageNet},
  author={Mishkin, Dmytro and Sergievskiy, Nikolay and Matas, Jiri},
  journal={arXiv preprint arXiv:1606.02228},
  year={2016}
}

@inproceedings{bromley1994signature,
  title={Signature verification using a" siamese" time delay neural network},
  author={Bromley, Jane and Guyon, Isabelle and LeCun, Yann and S{\"a}ckinger, 
Eduard and Shah, Roopak},
  booktitle={Advances in Neural Information Processing Systems},
  pages={737--744},
  year={1994}
}

@inproceedings{he2014spatial,
  title={Spatial pyramid pooling in deep convolutional networks for visual 
recognition},
  author={He, Kaiming and Zhang, Xiangyu and Ren, Shaoqing and Sun, Jian},
  booktitle={European Conference on Computer Vision},
  pages={346--361},
  year={2014},
  organization={Springer}
}

@inproceedings{yi2016lift,
  title={Lift: Learned invariant feature transform},
  author={Yi, Kwang Moo and Trulls, Eduard and Lepetit, Vincent and Fua, 
Pascal},
  booktitle={European Conference on Computer Vision},
  pages={467--483},
  year={2016},
  organization={Springer}
}

@inproceedings{jaderberg2015spatial,
  title={Spatial transformer networks},
  author={Jaderberg, Max and Simonyan, Karen and Zisserman, Andrew and others},
  booktitle={Advances in Neural Information Processing Systems},
  pages={2017--2025},
  year={2015}
}

@inproceedings{long2015fully,
  title={Fully convolutional networks for semantic segmentation},
  author={Long, Jonathan and Shelhamer, Evan and Darrell, Trevor},
  booktitle={Proceedings of the IEEE Conference on Computer Vision and Pattern 
Recognition},
  pages={3431--3440},
  year={2015}
}

@InProceedings{Schroff_2015_CVPR,
author = {Schroff, Florian and Kalenichenko, Dmitry and Philbin, James},
title = {FaceNet: A Unified Embedding for Face Recognition and Clustering},
booktitle = {The IEEE Conference on Computer Vision and Pattern Recognition 
(CVPR)},
month = {June},
year = {2015}
} 

@inproceedings{sun2017revisiting,
  title={Revisiting Unreasonable Effectiveness of Data in Deep Learning Era},
  author={Sun, Chen and Shrivastava, Abhinav and Singh, Saurabh and Gupta, 
Abhinav},
  booktitle={Proceedings of the IEEE Conference on Computer Vision and Pattern 
Recognition},
  pages={843--852},
  year={2017}
}

@article{ruder2017overview,
  title={An overview of multi-task learning in deep neural networks},
  author={Ruder, Sebastian},
  journal={arXiv preprint arXiv:1706.05098},
  year={2017}
}


@article{kendall2017multi,
  title={Multi-Task Learning Using Uncertainty to Weigh Losses for Scene 
Geometry and Semantics},
  author={Kendall, Alex and Gal, Yarin and Cipolla, Roberto},
  journal={arXiv preprint arXiv:1705.07115},
  year={2017}
}

@inproceedings{glorot2010understanding,
  title={Understanding the difficulty of training deep feedforward neural 
networks},
  author={Glorot, Xavier and Bengio, Yoshua},
  booktitle={Proceedings of AISTATS'10},
  pages={249--256},
  year={2010}
}

@article{saxe2013exact,
  title={Exact solutions to the nonlinear dynamics of learning in deep linear 
neural networks},
  author={Saxe, Andrew M and McClelland, James L and Ganguli, Surya},
  journal={arXiv preprint arXiv:1312.6120},
  year={2013}
}

@article{wu2018group,
  title={Group normalization},
  author={Wu, Yuxin and He, Kaiming},
  journal={arXiv preprint arXiv:1803.08494},
  year={2018}
}

@article{ba2016layer,
  title={Layer normalization},
  author={Ba, Jimmy Lei and Kiros, Jamie Ryan and Hinton, Geoffrey E},
  journal={arXiv preprint arXiv:1607.06450},
  year={2016}
}

@article{bergstra2012random,
  title={Random search for hyper-parameter optimization},
  author={Bergstra, James and Bengio, Yoshua},
  journal={Journal of Machine Learning Research},
  volume={13},
  number={Feb},
  pages={281--305},
  year={2012}
}

@article{ruder2016overview,
  title={An overview of gradient descent optimization algorithms},
  author={Ruder, Sebastian},
  journal={arXiv preprint arXiv:1609.04747},
  year={2016}
}

@inproceedings{reddi2018convergence,
  title={On the convergence of adam and beyond},
  author={Reddi, Sashank J and Kale, Satyen and Kumar, Sanjiv},
  booktitle={Proceedings of ICLR'18},
  year={2018}
}

@article{tieleman2012lecture,
  title={Lecture 6.5-rmsprop: Divide the gradient by a running average of its 
recent magnitude},
  author={Tieleman, Tijmen and Hinton, Geoffrey},
  journal={COURSERA: Neural networks for machine learning},
  volume={4},
  number={2},
  pages={26--31},
  year={2012}
}

@article{duchi2011adaptive,
  title={Adaptive subgradient methods for online learning and stochastic 
optimization},
  author={Duchi, John and Hazan, Elad and Singer, Yoram},
  journal={Journal of Machine Learning Research},
  volume={12},
  number={Jul},
  pages={2121--2159},
  year={2011}
}

@inproceedings{zeiler2014visualizing,
  title={Visualizing and understanding convolutional networks},
  author={Zeiler, Matthew D and Fergus, Rob},
  booktitle={European conference on computer vision},
  pages={818--833},
  year={2014},
  organization={Springer}
}

@phdthesis{gal2016uncertainty,
  title={Uncertainty in deep learning},
  author={Gal, Yarin},
  school={University of Cambridge},
  year={2016}
}

@article{simonyan2014very,
  title={Very deep convolutional networks for large-scale image recognition},
  author={Simonyan, Karen and Zisserman, Andrew},
  journal={arXiv preprint arXiv:1409.1556},
  year={2014}
}

@inproceedings{szegedy2015going,
  title={Going deeper with convolutions},
  author={Szegedy, Christian and Liu, Wei and Jia, Yangqing and Sermanet, Pierre 
and Reed, Scott and Anguelov, Dragomir and Erhan, Dumitru and Vanhoucke, Vincent 
and Rabinovich, Andrew},
  booktitle={Proceedings of IEEE CVPR},
  pages={1--9},
  year={2015}
}

@inproceedings{he2016deep,
  title={Deep residual learning for image recognition},
  author={He, Kaiming and Zhang, Xiangyu and Ren, Shaoqing and Sun, Jian},
  booktitle={Proceedings of IEEE CVPR},
  pages={770--778},
  year={2016}
}

@article{baydin2017automatic,
  title={Automatic differentiation in machine learning: a survey.},
  author={Baydin, Atilim Gunes and Pearlmutter, Barak A and Radul, Alexey 
Andreyevich and Siskind, Jeffrey Mark},
  journal={Journal of machine learning research},
  volume={18},
  number={153},
  pages={1--153},
  year={2017}
}

@article{maaten2008visualizing,
  title={Visualizing data using t-SNE},
  author={Maaten, Laurens van der and Hinton, Geoffrey},
  journal={Journal of Machine Learning Research},
  volume={9},
  number={Nov},
  pages={2579--2605},
  year={2008}
}

@article{de2011multidimensional,
  title={Multidimensional scaling using majorization: SMACOF in R},
  author={De Leeuw, Jan and Mair, Patrick},
  journal={Department of Statistics, UCLA},
  year={2011}
}

@phdthesis{caruana1997multitask,
  title={Multitask Learning},
  author={Caruana, Rich},
  year={1997},
  school={Carnegie Mellon University Pittsburgh, PA}
}

@Article{caruana1997multitaskJournalML,
author="Caruana, Rich",
title="Multitask Learning",
journal="Machine Learning",
year="1997",
month="Jul",
day="01",
volume="28",
number="1",
pages="41--75",
abstract="Multitask Learning is an approach to inductive transfer that improves 
generalization by using the domain information contained in the training signals 
of related tasks as an inductive bias. It does this by learning tasks in 
parallel while using a shared representation; what is learned for each task can 
help other tasks be learned better. This paper reviews prior work on MTL, 
presents new evidence that MTL in backprop nets discovers task relatedness 
without the need of supervisory signals, and presents new results for MTL with 
k-nearest neighbor and kernel regression. In this paper we demonstrate multitask 
learning in three domains. We explain how multitask learning works, and show 
that there are many opportunities for multitask learning in real domains. We 
present an algorithm and results for multitask learning with case-based methods 
like k-nearest neighbor and kernel regression, and sketch an algorithm for 
multitask learning in decision trees. Because multitask learning works, can be 
applied to many different kinds of domains, and can be used with different 
learning algorithms, we conjecture there will be many opportunities for its use 
on real-world problems.",
issn="1573-0565",
doi="10.1023/A:1007379606734",
url="https://doi.org/10.1023/A:1007379606734"
}

@article{stanley2002evolving,
  title={Evolving neural networks through augmenting topologies},
  author={Stanley, Kenneth O and Miikkulainen, Risto},
  journal={Evolutionary computation},
  volume={10},
  number={2},
  pages={99--127},
  year={2002},
  publisher={MIT Press}
}

@inproceedings{zoph2018learning,
  title={Learning transferable architectures for scalable image recognition},
  author={Zoph, Barret and Vasudevan, Vijay and Shlens, Jonathon and Le, Quoc 
V},
  booktitle={Proceedings of the IEEE conference on computer vision and pattern 
recognition},
  pages={8697--8710},
  year={2018}
}

@article{liu2018darts,
  title={Darts: Differentiable architecture search},
  author={Liu, Hanxiao and Simonyan, Karen and Yang, Yiming},
  journal={arXiv preprint arXiv:1806.09055},
  year={2018}
}

@article{quanming2018taking,
  title={Taking human out of learning applications: A survey on automated 
machine learning},
  author={Quanming, Yao and Mengshuo, Wang and Hugo, Jair Escalante and 
Isabelle, Guyon and Yi-Qi, Hu and Yu-Feng, Li and Wei-Wei, Tu and Qiang, Yang 
and Yang, Yu},
  journal={arXiv preprint arXiv:1810.13306},
  year={2018}
}

@article{santurkar2018does,
  title={How Does Batch Normalization Help Optimization?(No, It Is Not About 
Internal Covariate Shift)},
  author={Santurkar, Shibani and Tsipras, Dimitris and Ilyas, Andrew and Madry, 
Aleksander},
  journal={arXiv preprint arXiv:1805.11604},
  year={2018}
}

@article{luo2018understanding,
  title={Understanding Regularization in Batch Normalization},
  author={Luo, Ping and Wang, Xinjiang and Shao, Wenqi and Peng, Zhanglin},
  journal={arXiv preprint arXiv:1809.00846},
  year={2018}
}

@article{mace2012sea,
  title={At-sea detection of marine debris: overview of technologies, processes, 
issues, and options},
  author={Mace, Thomas H},
  journal={Marine pollution bulletin},
  volume={65},
  number={1},
  pages={23--27},
  year={2012},
  publisher={Elsevier}
}

@article{veenstra2012airborne,
  title={Airborne sensors for detecting large marine debris at sea},
  author={Veenstra, Timothy S and Churnside, James H},
  journal={Marine pollution bulletin},
  volume={65},
  number={1},
  pages={63--68},
  year={2012},
  publisher={Elsevier}
}

@article{laist1987overview,
  title={Overview of the biological effects of lost and discarded plastic debris 
in the marine environment},
  author={Laist, David W},
  journal={Marine pollution bulletin},
  volume={18},
  number={6},
  pages={319--326},
  year={1987},
  publisher={Elsevier}
}

@article{derraik2002pollution,
  title={The pollution of the marine environment by plastic debris: a review},
  author={Derraik, Jose GB},
  journal={Marine pollution bulletin},
  volume={44},
  number={9},
  pages={842--852},
  year={2002},
  publisher={Elsevier}
}

@article{watters2010assessing,
  title={Assessing marine debris in deep seafloor habitats off California},
  author={Watters, Diana L and Yoklavich, Mary M and Love, Milton S and 
Schroeder, Donna M},
  journal={Marine Pollution Bulletin},
  volume={60},
  number={1},
  pages={131--138},
  year={2010},
  publisher={Elsevier}
}

@article{schlining2013debris,
  title={Debris in the deep: Using a 22-year video annotation database to survey 
marine litter in Monterey Canyon, central California, USA},
  author={Schlining, Kyra and Von Thun, Susan and Kuhnz, Linda and Schlining, 
Brian and Lundsten, Lonny and Stout, Nancy Jacobsen and Chaney, Lori and Connor, 
Judith},
  journal={Deep Sea Research Part I: Oceanographic Research Papers},
  volume={79},
  pages={96--105},
  year={2013},
  publisher={Elsevier}
} 

@techreport{beduhn1966removal,
  title={Removal of Oil and Debris from Harbor Waters},
  author={Beduhn, Georg E},
  year={1966},
  institution={DTIC Document}
}

@article{kader2015design,
  title={Design of Rubbish Collecting System for Inland Waterways},
  author={Kader, ASA and Saleh, MKM and Jalal, MR and Sulaiman, OO and Shamsuri, 
WNW},
  journal={Journal of Transport System Engineering},
  volume={2},
  number={2},
  pages={1--13},
  year={2015}
}

@article{oigman2007quantification,
  title={Quantification and classification of marine litter on beaches along 
Arma{\c{c}}{\~a}o dos B{\'u}zios, Rio de Janeiro, Brazil},
  author={Oigman-Pszczol, Simone Siag and Creed, Joel Christopher},
  journal={Journal of Coastal Research},
  pages={421--428},
  year={2007}
}

@article{tyrrell2013associations,
  title={Associations between socioeconomic status and environmental toxicant 
concentrations in adults in the USA: NHANES 2001--2010},
  author={Tyrrell, Jessica and Melzer, David and Henley, William and Galloway, 
Tamara S and Osborne, Nicholas J},
  journal={Environment international},
  volume={59},
  pages={328--335},
  year={2013},
  publisher={Elsevier}
}

@article{katsanevakis2008marine,
  title={Marine debris, a growing problem: Sources, distribution, composition, 
and impacts},
  author={Katsanevakis, Stelios},
  journal={Marine Pollution: New Research. Nova Science Publishers, New York},
  pages={53--100},
  year={2008}
}

@article{canyon1978international,
  title={International Convention for the Prevention of Pollution from 
Ships (MARPOL 73/78)},
  author={International Maritime Organization},
  year={1978}
}

@article{dayton1995environmental,
  title={Environmental effects of marine fishing},
  author={Dayton, Paul K and Thrush, Simon F and Agardy, M Tundi and Hofman, 
Robert J},
  journal={Aquatic conservation: marine and freshwater ecosystems},
  volume={5},
  number={3},
  pages={205--232},
  year={1995},
  publisher={Wiley Online Library}
}

@article{mori2011survey,
  title={Survey of 2011 Tohoku earthquake tsunami inundation and run-up},
  author={Mori, Nobuhito and Takahashi, Tomoyuki and Yasuda, Tomohiro and 
Yanagisawa, Hideaki},
  journal={Geophysical research letters},
  volume={38},
  number={7},
  year={2011},
  publisher={Wiley Online Library}
}

@article{willis2017differentiating,
  title={Differentiating littering, urban runoff and marine transport as sources 
of marine debris in coastal and estuarine environments},
  author={Willis, Kathryn and Hardesty, Britta Denise and Kriwoken, Lorne and 
Wilcox, Chris},
  journal={Scientific Reports},
  volume={7},
  pages={44479},
  year={2017},
  publisher={Nature Publishing Group}
}

@article{li2016plastic,
  title={Plastic waste in the marine environment: A review of sources, 
occurrence and effects},
  author={Li, WC and Tse, HF and Fok, L},
  journal={Science of the Total Environment},
  volume={566},
  pages={333--349},
  year={2016},
  publisher={Elsevier}
}

@book{weis2015marine,
  title={Marine pollution: what everyone needs to know},
  author={Weis, Judith S},
  year={2015},
  publisher={Oxford University Press}
}

@article{ryan2014litter,
  title={Litter survey detects the South Atlantic ‘garbage patch’},
  author={Ryan, Peter G},
  journal={Marine Pollution Bulletin},
  volume={79},
  number={1-2},
  pages={220--224},
  year={2014},
  publisher={Elsevier}
}

@article{stefatos1999marine,
  title={Marine debris on the seafloor of the Mediterranean Sea: examples from 
two enclosed gulfs in Western Greece},
  author={Stefatos, A and Charalampakis, M and Papatheodorou, G and Ferentinos, 
G},
  journal={Marine Pollution Bulletin},
  volume={38},
  number={5},
  pages={389--393},
  year={1999},
  publisher={Elsevier}
}

@article{jambeck2015plastic,
  title={Plastic waste inputs from land into the ocean},
  author={Jambeck, Jenna R and Geyer, Roland and Wilcox, Chris and Siegler, 
Theodore R and Perryman, Miriam and Andrady, Anthony and Narayan, Ramani and 
Law, Kara Lavender},
  journal={Science},
  volume={347},
  number={6223},
  pages={768--771},
  year={2015},
  publisher={American Association for the Advancement of Science}
}

@article{eriksen2014plastic,
  title={Plastic pollution in the world's oceans: more than 5 trillion plastic 
pieces weighing over 250,000 tons afloat at sea},
  author={Eriksen, Marcus and Lebreton, Laurent CM and Carson, Henry S and 
Thiel, Martin and Moore, Charles J and Borerro, Jose C and Galgani, Francois and 
Ryan, Peter G and Reisser, Julia},
  journal={PloS one},
  volume={9},
  number={12},
  pages={e111913},
  year={2014},
  publisher={Public Library of Science}
}

@article{chiba2018human,
  title={Human footprint in the abyss: 30 year records of deep-sea plastic 
debris},
  author={Chiba, Sanae and Saito, Hideaki and Fletcher, Ruth and Yogi, Takayuki 
and Kayo, Makino and Miyagi, Shin and Ogido, Moritaka and Fujikura, Katsunori},
  journal={Marine Policy},
  year={2018},
  publisher={Elsevier}
}

@incollection{laist1997impacts,
  title={Impacts of marine debris: entanglement of marine life in marine debris 
including a comprehensive list of species with entanglement and ingestion 
records},
  author={Laist, David W},
  booktitle={Marine Debris},
  pages={99--139},
  year={1997},
  publisher={Springer}
}

@article{gall2015impact,
  title={The impact of debris on marine life},
  author={Gall, Sarah C and Thompson, Richard C},
  journal={Marine pollution bulletin},
  volume={92},
  number={1-2},
  pages={170--179},
  year={2015},
  publisher={Elsevier}
}

@article{wilcox2015threat,
  title={Threat of plastic pollution to seabirds is global, pervasive, and 
increasing},
  author={Wilcox, Chris and Van Sebille, Erik and Hardesty, Britta Denise},
  journal={Proceedings of the National Academy of Sciences},
  volume={112},
  number={38},
  pages={11899--11904},
  year={2015},
  publisher={National Acad Sciences}
}

@article{paleczny2015population,
  title={Population trend of the world’s monitored seabirds, 1950-2010},
  author={Paleczny, Michelle and Hammill, Edd and Karpouzi, Vasiliki and Pauly, 
Daniel},
  journal={PLoS One},
  volume={10},
  number={6},
  pages={e0129342},
  year={2015},
  publisher={Public Library of Science}
}

@article{engler2012complex,
  title={The complex interaction between marine debris and toxic chemicals in 
the ocean},
  author={Engler, Richard E},
  journal={Environmental science \& technology},
  volume={46},
  number={22},
  pages={12302--12315},
  year={2012},
  publisher={ACS Publications}
}

@article{smith1997marine,
  title={Marine debris, beach quality, and non-market values},
  author={Smith, V Kerry and Zhang, Xiaolong and Palmquist, Raymond B},
  journal={Environmental and Resource Economics},
  volume={10},
  number={3},
  pages={223--247},
  year={1997},
  publisher={Springer}
}

@article{rochman2016strategies,
  title={Strategies for reducing ocean plastic debris should be diverse and 
guided by science},
  author={Rochman, Chelsea M},
  journal={Environmental Research Letters},
  volume={11},
  number={4},
  pages={041001},
  year={2016},
  publisher={IOP Publishing}
}

@article{nelms2017marine,
  title={Marine anthropogenic litter on British beaches: a 10-year nationwide 
assessment using citizen science data},
  author={Nelms, SE and Coombes, C and Foster, LC and Galloway, TS and Godley, 
BJ and Lindeque, PK and Witt, MJ},
  journal={Science of the Total Environment},
  volume={579},
  pages={1399--1409},
  year={2017},
  publisher={Elsevier}
}

@article{iniguez2016marine,
  title={Marine debris occurrence and treatment: A review},
  author={I{\~n}iguez, Mar{\'\i}a Esperanza and Conesa, Juan A and Fullana, 
Andres},
  journal={Renewable and Sustainable Energy Reviews},
  volume={64},
  pages={394--402},
  year={2016},
  publisher={Elsevier}
}

@article{spengler2008methods,
  title={Methods applied in studies of benthic marine debris},
  author={Spengler, Angela and Costa, Monica F},
  journal={Marine Pollution Bulletin},
  volume={56},
  number={2},
  pages={226--230},
  year={2008},
  publisher={Elsevier}
}

@article{sheavly2007marine,
  title={Marine debris \& plastics: environmental concerns, sources, impacts and 
solutions},
  author={Sheavly, SB and Register, KM},
  journal={Journal of Polymers and the Environment},
  volume={15},
  number={4},
  pages={301--305},
  year={2007},
  publisher={Springer}
}

@article{mcilgorm2008understanding,
  title={Understanding the economic benefits and costs of controlling marine 
debris in the APEC region (MRC 02/2007)},
  author={McIlgorm, A and Campbell, HF and Rule, MJ},
  journal={A report to the Asia-Pacific Economic Cooperation Marine Resource 
Conservation Working Group by the National Marine Science Centre (University of 
New England and Southern Cross University), Coffs Harbour, NSW, Australia, 
December},
  year={2008}
}

@inproceedings{valdenegro2016objectness,
  title={{O}bjectness {S}coring and {D}etection {P}roposals in 
{F}orward-{L}ooking {S}onar {I}mages with {C}onvolutional {N}eural {N}etworks},
  author={Valdenegro-Toro, Matias},
  booktitle={IAPR Workshop on Artificial Neural Networks in Pattern 
Recognition},
  pages={209--219},
  year={2016},
  organization={Springer}
}

@inproceedings{valdenegro2016end,
  title={{E}nd-to-{E}nd {O}bject {D}etection and {R}ecognition in 
{F}orward-{L}ooking {S}onar {I}mages with {C}onvolutional {N}eural {N}etworks},
  author={Valdenegro-Toro, Matias},
  booktitle={Autonomous Underwater Vehicles (AUV), 2016 IEEE/OES},
  pages={144--150},
  year={2016},
  organization={IEEE}
}

@inproceedings{valdenegro2016submerged,
  title={{S}ubmerged {M}arine {D}ebris {D}etection with {A}utonomous 
{U}nderwater {V}ehicles},
  author={Valdenegro-Toro, Matias},
  booktitle={International Conference on Robotics and Automation for 
Humanitarian Applications (RAHA)},
  year={2016},
  organization={IEEE}
}

@inproceedings{valdenegro2017rtcnns,
  title={{R}eal-time convolutional networks for sonar image classification in 
low-power embedded systems},
  author={Valdenegro-Toro, Matias},
  booktitle={European Symposium on Artificial Neural Networks, Computational 
Intelligence and Machine Learning (ESANN)},
  year={2017}
}
 
@inproceedings{valdenegro2016object,
  title={Object recognition in forward-looking sonar images with Convolutional 
Neural Networks},
  author={Valdenegro-Toro, Matias},
  booktitle={OCEANS 2016 MTS/IEEE Monterey},
  pages={1--6},
  year={2016},
  organization={IEEE}
}

@inproceedings{valdenegro2017limits,
  title={{B}est {P}ractices in {C}onvolutional {N}etworks for 
{F}orward-{L}ooking {S}onar {I}mage {R}ecognition},
  author={Valdenegro-Toro, Matias},
  booktitle={OCEANS 2017 MTS/IEEE Aberdeen},
  year={2017},
  organization={IEEE}
}

@inproceedings{valdenegro2017improving,
  title={{I}mproving {S}onar {I}mage {P}atch {M}atching via {D}eep {L}earning},
  author={Valdenegro-Toro, Matias},
  booktitle={Mobile Robots (ECMR), 2017 European Conference on},
  year={2017},
  organization={IEEE}
}

@inproceedings{dmitrieva2017object,
  title={{O}bject classification with convolution neural network based on the 
time-frequency representation of their echo},
  author={Dmitrieva, Mariia and Valdenegro-Toro, Matias and Brown, Keith and 
Heald, Gary and Lane, David},
  booktitle={Machine Learning for Signal Processing (MLSP), 2017 IEEE 27th 
International Workshop on},
  pages={1--6},
  year={2017},
  organization={IEEE}
}
@article{Cadena16tro-SLAMfuture,
title = {Past, Present, and Future of Simultaneous Localization And Mapping: 
Towards the Robust-Perception Age},
author = {C. Cadena and L. Carlone and H. Carrillo and Y. Latif and D. 
Scaramuzza and J. Neira and I. Reid and J.J. Leonard},
journal = {{IEEE Transactions on Robotics}},
year = {2016},
number = {6},
pages = {1309–1332},
volume = {32}
}
 
@book{hansen2011introduction,
  title={Introduction to synthetic aperture sonar},
  author={Hansen, Roy Edgar},
  year={2011},
  publisher={INTECH Open Access Publisher}
}

@article{myers2010template,
    title={A template matching procedure for automatic target recognition in 
synthetic aperture sonar imagery},
    author={Myers, Vincent and Fawcett, John},
    journal={Signal Processing Letters, IEEE},
    volume={17},
    number={7},
    pages={683--686},
    year={2010},
    publisher={IEEE}
}

@article{ridao2014intervention,
  title={Intervention AUVs: the next challenge},
  author={Ridao, Pere and Carreras, Marc and Ribas, David and Sanz, Pedro J and 
Oliver, Gabriel},
  journal={IFAC Proceedings Volumes},
  volume={47},
  number={3},
  pages={12146--12159},
  year={2014},
  publisher={Elsevier}
}

@inproceedings{hurtos2013automatic,
  title={Automatic detection of underwater chain links using a forward-looking 
sonar},
  author={Hurt{\'o}s, Natalia and Palomeras, Narcis and Nagappa, Sharad and 
Salvi, Joaquim},
  booktitle={OCEANS-Bergen, 2013 MTS/IEEE},
  pages={1--7},
  year={2013},
  organization={IEEE}
}

@inproceedings{hurtos2014real,
  title={Real-time mosaicing with two-dimensional forward-looking sonar},
  author={Hurt{\'o}s, Natalia and Nagappa, Sharad and Palomeras, Narcis and 
Salvi, Joaquim},
  booktitle={2014 IEEE International Conference on Robotics and Automation 
(ICRA)},
  pages={601--606},
  year={2014},
  organization={IEEE}
}

@article{murphy2012marine,
  title={Marine heterogeneous multirobot systems at the great Eastern Japan 
Tsunami recovery},
  author={Murphy, Robin R and Dreger, Karen L and Newsome, Sean and Rodocker, 
Jesse and Slaughter, Brian and Smith, Richard and Steimle, Eric and Kimura, 
Tetsuya and Makabe, Kenichi and Kon, Kazuyuki and others},
  journal={Journal of Field Robotics},
  volume={29},
  number={5},
  pages={819--831},
  year={2012},
  publisher={Wiley Online Library}
}

@inproceedings{hidalgo2015review,
  title={Review of underwater SLAM techniques},
  author={Hidalgo, Franco and Br{\"a}unl, Thomas},
  booktitle={Automation, Robotics and Applications (ICARA), 2015 6th 
International Conference on},
  pages={306--311},
  year={2015},
  organization={IEEE}
}

@article{reed2004automated,
  title={Automated approach to classification of mine-like objects in sidescan 
sonar using highlight and shadow information},
  author={Reed, Scott and Petillot, Yvan and Bell, J},
  journal={IEE Proceedings-Radar, Sonar and Navigation},
  volume={151},
  number={1},
  pages={48--56},
  year={2004},
  publisher={IET}
}

@article{fawcett2007computer,
  title={Computer-aided classification of the Citadel Trial sidescan sonar 
images},
  author={Fawcett, J and Crawford, A and Hopkin, D and Couillard, M and Myers, V 
and Zerr, Benoit},
  journal={Defence Research and Development Canada Atlantic TM},
  volume={162},
  pages={2007},
  year={2007}
}

@inproceedings{sawas2012cascade,
  title={Cascade of boosted classifiers for automatic target recognition in 
synthetic aperture sonar imagery},
  author={Sawas, Jamil and Petillot, Yvan},
  booktitle={Proceedings of Meetings on Acoustics ECUA2012},
  year={2012},
  organization={ASA}
}

@inproceedings{sawas2010cascade,
  title={Cascade of boosted classifiers for rapid detection of underwater 
objects},
  author={Sawas, Jamil and Petillot, Yvan and Pailhas, Yan},
  booktitle={Proceedings of the European Conference on Underwater Acoustics},
  year={2010}
}

@incollection{dura2011image,
  title={Image Processing Techniques for the Detection and Classification of Man 
Made Objects in Side-Scan Sonar Images},
  author={Dura, Esther},
  booktitle={Sonar Systems},
  year={2011},
  publisher={InTech}
}

@article{fandos2011optimal,
  title={Optimal feature set for automatic detection and classification of 
underwater objects in SAS images},
  author={Fandos, Raquel and Zoubir, Abdelhak M},
  journal={IEEE Journal of Selected Topics in Signal Processing},
  volume={5},
  number={3},
  pages={454--468},
  year={2011},
  publisher={IEEE}
}

@inproceedings{fandos2012sparse,
  title={Sparse representation based classification for mine hunting using 
synthetic aperture sonar},
  author={Fandos, Raquel and Sadamori, Leyna and Zoubir, Abdelhak M},
  booktitle={Acoustics, Speech and Signal Processing (ICASSP), 2012 IEEE 
International Conference on},
  pages={3393--3396},
  year={2012},
  organization={IEEE}
}

@article{ferreira2014improving,
  title={Improving automatic target recognition with forward looking sonar 
mosaics},
  author={Ferreira, Fausto and Djapic, Vladimir and Micheli, Michele and Caccia, 
Massimo},
  journal={IFAC Proceedings Volumes},
  volume={47},
  number={3},
  pages={3382--3387},
  year={2014},
  publisher={Elsevier}
}

@article{barngrover2015semisynthetic,
  title={Semisynthetic versus real-world sonar training data for the 
classification of mine-like objects},
  author={Barngrover, Christopher and Kastner, Ryan and Belongie, Serge},
  journal={IEEE Journal of Oceanic Engineering},
  volume={40},
  number={1},
  pages={48--56},
  year={2015},
  publisher={IEEE}
}

@inproceedings{kohntopp2017seafloor,
  title={Seafloor classification for mine countermeasures
operations using synthetic aperture sonar images
},
  author={K\"ohntopp, Daniel and Lehmann, Benjamin and Kraus, Dieter 
Birk, Andreas
},
  booktitle={OCEANS-Aberdeen, 2017 MTS/IEEE},
  year={2017},
  organization={IEEE}
}

@article{pailhas2010high,
  title={High-resolution sonars: what resolution do we need for target 
recognition?},
  author={Pailhas, Yan and Petillot, Yvan and Capus, Chris},
  journal={EURASIP Journal on Advances in Signal Processing},
  volume={2010},
  number={1},
  pages={205095},
  year={2010},
  publisher={Springer}
}

@article{kim2005mosaicing,
  title={Mosaicing of acoustic camera images},
  author={Kim, K and Neretti, N and Intrator, N},
  journal={IEE Proceedings-Radar, Sonar and Navigation},
  volume={152},
  number={4},
  pages={263--270},
  year={2005},
  publisher={IET}
}

@inproceedings{vandrish2011side,
  title={Side-scan sonar image registration for AUV navigation},
  author={Vandrish, Peter and Vardy, Andrew and Walker, Dan and Dobre, OA},
  booktitle={Underwater Technology (UT), 2011 IEEE Symposium on and 2011 
Workshop on Scientific Use of Submarine Cables and Related Technologies (SSC)},
  pages={1--7},
  year={2011},
  organization={IEEE}
}

@inproceedings{pham2013guided,
  title={Guided block-matching for sonar image registration using unsupervised 
Kohonen neural networks},
  author={Pham, Minh T{\^a}n and Gu{\'e}riot, Didier},
  booktitle={2013 OCEANS San Diego},
  pages={1--5},
  year={2013},
  organization={IEEE}
}

@inproceedings{negahdaripour2011dynamic,
  title={Dynamic scene analysis and mosaicing of benthic habitats by fs sonar 
imaging-issues and complexities},
  author={Negahdaripour, Shahriar and Aykin, MD and Sinnarajah, Shayanth},
  booktitle={OCEANS'11 MTS/IEEE},
  pages={1--7},
  year={2011},
  organization={IEEE}
}

@misc{arisExplorer3K,
    title = "{ARIS} {E}xplorer 3000: {S}ee what others can't",
    author = "SoundMetrics",
    note = {Accessed 1-9-2018. Available at 
\url{
http://www.soundmetrics.com/products/aris-sonars/ARIS-Explorer-3000/015335\_Rev
C \_ARIS-Explorer-3000_Brochure}},
    year={2018}
}

@inproceedings{belcher2002dual,
  title={Dual-frequency identification sonar (DIDSON)},
  author={Belcher, Edward and Hanot, William and Burch, Joe},
  booktitle={Underwater Technology, 2002. Proceedings of the 2002 International 
Symposium on},
  pages={187--192},
  year={2002},
  organization={IEEE}
}

@inproceedings{belcher2001object,
  title={Object identification with acoustic lenses},
  author={Belcher, Edward and Matsuyama, Brian and Trimble, Gary},
  booktitle={OCEANS 2001 MTS/IEEE},
  volume={1},
  pages={6--11},
  year={2001},
  organization={IEEE}
}

@inproceedings{belcher1999beamforming,
  title={Beamforming and imaging with acoustic lenses in small, high-frequency 
sonars},
  author={Belcher, Edward and Lynn, Dana and Dinh, Hien and Laughlin, 
Thomas},
  booktitle={OCEANS'99 MTS/IEEE.},
  volume={3},
  pages={1495--1499},
  year={1999},
  organization={IEEE}
}

@inproceedings{wu2010beam,
  title={Beam-forming and imaging using acoustic lenses: Some simulation and 
experimental results},
  author={Wu, Ju and Bian, Hongyu},
  booktitle={Signal Processing Systems (ICSPS), 2010 2nd International 
Conference on},
  volume={2},
  pages={V2--764},
  year={2010},
  organization={IEEE}
}

@mastersthesis{fink1994computer,
  title={Computer simulation of pressure fields generated by acoustic lens 
beamformers},
  author={Fink, Kevin},
  year={1994},
  school={University of Washington}
}

@article{kamgar1998underwater,
  title={Underwater imaging with a moving acoustic lens},
  author={Kamgar-Parsi, B and Rosenblum, LJ and Belcher, EO},
  journal={IEEE Transactions on Image Processing},
  volume={7},
  number={1},
  pages={91--99},
  year={1998},
  publisher={IEEE Press}
}

@inproceedings{geilhufe2014quantifying,
  title={Quantifying the complexity in sonar images for MCM performance 
estimation},
  author={Geilhufe, M and Midtgaard, {\O}},
  booktitle={Proc. 2nd International Conference and Exhibition on Underwater 
Acoustics},
  pages={1041--1048},
  year={2014}
}

@inproceedings{williams2016underwater,
  title={Underwater target classification in synthetic aperture sonar imagery 
using deep convolutional neural networks},
  author={Williams, David P},
  booktitle={Pattern Recognition (ICPR), 2016 23rd International Conference on},
  pages={2497--2502},
  year={2016},
  organization={IEEE}
}

@INPROCEEDINGS{zhu2017deeplearning,
author={P. Zhu and J. Isaacs and B. Fu and S. Ferrari},
booktitle={2017 IEEE 56th Annual Conference on Decision and Control (CDC)},
title={Deep learning feature extraction for target recognition and 
classification in underwater sonar images},
year={2017},
pages={2724-2731},
doi={10.1109/CDC.2017.8264055},
ISSN={},
month={Dec},}

@inproceedings{buss2018hand,
  title={Hand-Crafted Feature Based Classification against Convolutional Neural 
Networks for False Alarm Reduction on Active Diver Detection Sonar Data},
  author={Bu{\ss}, Matthias and Steiniger, Yannik and Benen, Stephan and Kraus, 
Dieter and Kummert, Anton and Stiller, Dietmar},
  booktitle={OCEANS 2018 MTS/IEEE Charleston},
  pages={1--7},
  year={2018},
  organization={IEEE}
}

@book{fossen2011handbook,
  title={Handbook of marine craft hydrodynamics and motion control},
  author={Fossen, Thor I},
  year={2011},
  publisher={John Wiley \& Sons}
}

@article{kirkwood2007development,
  title={Development of the DORADO mapping vehicle for multibeam, subbottom, and 
sidescan science missions},
  author={Kirkwood, WJ},
  journal={Journal of Field Robotics},
  volume={24},
  number={6},
  pages={487--495},
  year={2007},
  publisher={Wiley Online Library}
}

@misc{tritechStarfish,
    title = "StarFish Seabed Imaging Systems",
    author = "Tritech",
    note = {Accessed 1-2-2019. Available at 
\url{
https://www.tritech.co.uk/media/products/brochures/starfish-brochure.pdf?id=651d8c6b
}},
    year={2019}
}

@misc{krakenAquapix,
    title = "Kraken AquaPix Miniature Synthetic Aperture Sonar",
    author = "Tritech",
    note = {Accessed 2-2-2019. Available at 
    \url{http://krakenrobotics.com/products/aquapix-minsas/}},
    year={2019}
}

@article{hansen2009introduction,
  title={Introduction to sonar},
  author={Hansen, Roy Edgar},
  journal={Course Material to INF-GEO4310, University of Oslo,(Oct. 7, 2009)},
  year={2009}
}

@inproceedings{williams2018underwater,
  title={Convolutional neural network transfer learning for underwater object 
classification},
  author={Williams, David P},
  booktitle={Proceedings of the Institute of Acoustic},
  year={2018}
}
